@book{nahmias2004models,
  title={Models, numbers, and cases: methods for studying international relations},
  author={Nahmias-Wolinsky, Yael},
  year={2004},
  publisher={University of Michigan Press}
}

@misc{voeks1970self,
  title={Self-propelled driving and steering truck for shopping carts},
  author={Voeks, Elton L and Barnowsky, Arwed J},
  year={1970},
  month=aug # "~18",
  publisher={Google Patents},
  note={US Patent 3,524,512}
}

@misc{OMS2018,
  title={Informe de aoguern},
  author={autor1, autor2},
  year={2018},
  publisher={OMS publisher}
}

@inproceedings{ayoup2022achievement,
  title={Achievement unlocked: a case study on gamifying devops practices in industry},
  author={Ayoup, Patrick and Costa, Diego Elias and Shihab, Emad},
  booktitle={Proceedings of the 30th ACM Joint European Software Engineering Conference and Symposium on the Foundations of Software Engineering},
  pages={1343--1354},
  year={2022}
}
