@inproceedings{ayoup2022achievement,
  title={Achievement unlocked: a case study on gamifying devops practices in industry},
  author={Ayoup, Patrick and Costa, Diego Elias and Shihab, Emad},
  booktitle={Proceedings of the 30th ACM Joint European Software Engineering Conference and Symposium on the Foundations of Software Engineering},
  pages={1343--1354},
  year={2022}
}

@book{estructuraludicadurgan2015,
  author         = {Nallar, Durgan A.},
  editor         = {Barat, Cecilia},
  publisher      = {CreateSpace Independent Publishing Platform},
  title          = {Estructura lúdica: Game Design paso a paso},
  isbn           = {9789874228888},
  series         = {Diseño de juegos en América latina},
  url            = {https://gamedesignla.com/libros/},
  year           = {2015},
}

@book{zichermann2011gamification,
  title={Gamification by Design: Implementing Game Mechanics in Web and Mobile Apps},
  author={Zichermann, G. and Cunningham, C.},
  isbn={9781449397678},
  lccn={2012382507},
  series={O'Reilly Series},
  url={https://books.google.com.ar/books?id=Hw9X1miVMMwC},
  year={2011},
  publisher={O'Reilly Media}
}
